<?xml version="1.0" encoding="UTF-8"?><record xmlns="http://www.loc.gov/MARC21/slim" xmlns:cinclude="http://apache.org/cocoon/include/1.0" xmlns:zs="http://www.loc.gov/zing/srw/">
  <leader>00614nz  a2200145n  4500</leader>
  <controlfield tag="001">n 2014003082</controlfield>
  <controlfield tag="003">DLC</controlfield>
  <controlfield tag="005">20140117143818.0</controlfield>
  <controlfield tag="008">140115n| azannaabn          |n aaa      </controlfield>
  <datafield tag="010" ind1=" " ind2=" ">
    <subfield code="a">n 2014003082</subfield>
  </datafield>
  <datafield tag="040" ind1=" " ind2=" ">
    <subfield code="a">DLC</subfield>
    <subfield code="b">eng</subfield>
    <subfield code="e">rda</subfield>
    <subfield code="c">DLC</subfield>
    <subfield code="d">DLC</subfield>
  </datafield>
  <datafield tag="100" ind1="1" ind2=" ">
    <subfield code="a">Morell, Michael J.</subfield>
  </datafield>
  <datafield tag="375" ind1=" " ind2=" ">
    <subfield code="a">male</subfield>
  </datafield>
  <datafield tag="670" ind1=" " ind2=" ">
    <subfield code="a">The NSA report, 2014:</subfield>
    <subfield code="b">ECIP t.p. (Michael J. Morell)</subfield>
  </datafield>
  <datafield tag="670" ind1=" " ind2=" ">
    <subfield code="a">Wikipedia, viewed Jan. 15, 2014</subfield>
    <subfield code="b">(Michael Joseph Morell (born September 4, 1958) was the deputy director of the Central Intelligence Agency and served as acting director twice in 2011 and from 2012 to 2013. Morell retired from his post on August 9, 2013)</subfield>
  </datafield>
</record>